<?xml version="1.0" encoding="UTF-8"?><collection xmlns="http://www.loc.gov/MARC21/slim"><record><leader>00379nam--2200133-i-4500</leader><controlfield tag="001">000011058</controlfield><controlfield tag="002">20161230</controlfield><controlfield tag="005">20161230201029</controlfield><controlfield tag="008">060222s1000------------r-----000-0-eng-d</controlfield><datafield ind1=" " ind2=" " tag="080"><subfield code="a">62-52(047.L): 539.125.52(047.L)</subfield></datafield><datafield ind1=" " ind2=" " tag="100"><subfield code="a">Pascovici L. S.A</subfield></datafield><datafield ind1=" " ind2=" " tag="245"><subfield code="a">Automatic changer for 100 irradiated samples</subfield></datafield><datafield ind1=" " ind2=" " tag="260"><subfield code="a">Bucharest, Institutul De Fizica Atomica, 1974 6 P</subfield></datafield><datafield ind1=" " ind2=" " tag="852"><subfield code="a">40865</subfield></datafield></record></collection>